@misc{RP-WU-Wien,
author = "Uwe Zdun, MarkusVÃ¶lter, Michael Kircher",
title = "Remoting Patterns",
month = "July",
year = "2014",
url = "http://nm.wu-wien.ac.at/research/publications/b375.pdf"
},